@book{bla,
    author={Bla},
    title={Bla},
    publisher={Pearson Bla},
    edition={6},
    year={xxx},
    language={Deutsch},
    note={\textit{Code f√ºr Bibo J50}: :},
}